<record><leader>00000cas a2200000 a 4500</leader><controlfield tag="001">37824659</controlfield><controlfield tag="008">971022d19951995nyuuu n       1    0eng c</controlfield><datafield ind1=" " ind2=" " tag="010"><subfield code="a">sn 97044543 </subfield></datafield><datafield ind1=" " ind2=" " tag="040"><subfield code="a">NYP</subfield><subfield code="b">eng</subfield><subfield code="c">NYP</subfield><subfield code="d">OCLCQ</subfield><subfield code="d">OCLCO</subfield></datafield><datafield ind1=" " ind2=" " tag="012"><subfield code="i">9710</subfield></datafield><datafield ind1="1" ind2=" " tag="029"><subfield code="a">AU@</subfield><subfield code="b">000013538667</subfield></datafield><datafield ind1=" " ind2=" " tag="042"><subfield code="a">pcc</subfield></datafield><datafield ind1="0" ind2=" " tag="130"><subfield code="a">Forum (NGO Forum on Women, Beijing '95)</subfield></datafield><datafield ind1="1" ind2="0" tag="245"><subfield code="a">Forum :</subfield><subfield code="b">the independent daily of the NGO Forum on Women, Beijing '95.</subfield></datafield><datafield ind1=" " ind2=" " tag="260"><subfield code="a">New York :</subfield><subfield code="b">The Forum,</subfield><subfield code="c">1995.</subfield></datafield><datafield ind1=" " ind2=" " tag="300"><subfield code="a">1 v. :</subfield><subfield code="b">ll. ;</subfield><subfield code="c">39 cm.</subfield></datafield><datafield ind1="0" ind2=" " tag="362"><subfield code="a">Aug. 31, 1995-Sept. 8, 1995.</subfield></datafield><datafield ind1=" " ind2=" " tag="500"><subfield code="a">Title from caption.</subfield></datafield><datafield ind1=" " ind2=" " tag="588"><subfield code="a">Latest issue consulted: Sept. 8, 1995.</subfield></datafield><datafield ind1="2" ind2="0" tag="610"><subfield code="a">NGO Forum on Women, Beijing '95</subfield><subfield code="x">Newspaper.</subfield></datafield><datafield ind1=" " ind2="0" tag="650"><subfield code="a">Women</subfield><subfield code="x">Social conditions</subfield><subfield code="v">Congresses.</subfield></datafield><datafield ind1="2" ind2=" " tag="710"><subfield code="a">NGO Forum on Women, Beijing '95.</subfield></datafield><datafield ind1=" " ind2=" " tag="850"><subfield code="a">NN</subfield></datafield></record>